@article{Aprile:2017iyp,
      author         = "Aprile, E. and others",
      title          = "{First Dark Matter Search Results from the XENON1T
                        Experiment}",
      collaboration  = "XENON",
      year           = "2017",
      eprint         = "1705.06655",
      archivePrefix  = "arXiv",
      primaryClass   = "astro-ph.CO",
      SLACcitation   = "%%CITATION = ARXIV:1705.06655;%%"
}

@article{Merle:2013wta,
      author         = "Merle, Alexander and Niro, Viviana and Schmidt, Daniel",
      title          = "{New Production Mechanism for keV Sterile Neutrino Dark
                        Matter by Decays of Frozen-In Scalars}",
      journal        = "JCAP",
      volume         = "1403",
      year           = "2014",
      pages          = "028",
      doi            = "10.1088/1475-7516/2014/03/028",
      eprint         = "1306.3996",
      archivePrefix  = "arXiv",
      primaryClass   = "hep-ph",
      SLACcitation   = "%%CITATION = ARXIV:1306.3996;%%"
}


@article{Akerib:2016vxi,
      author         = "Akerib, D. S. and others",
      title          = "{Results from a search for dark matter in the complete
                        LUX exposure}",
      collaboration  = "LUX",
      journal        = "Phys. Rev. Lett.",
      volume         = "118",
      year           = "2017",
      number         = "2",
      pages          = "021303",
      doi            = "10.1103/PhysRevLett.118.021303",
      eprint         = "1608.07648",
      archivePrefix  = "arXiv",
      primaryClass   = "astro-ph.CO",
      SLACcitation   = "%%CITATION = ARXIV:1608.07648;%%"
}

@article{Giesen:2015ufa,
      author         = "Giesen, Gaëlle and Boudaud, Mathieu and Génolini, Yoann
                        and Poulin, Vivian and Cirelli, Marco and Salati, Pierre
                        and Serpico, Pasquale D.",
      title          = "{AMS-02 antiprotons, at last! Secondary astrophysical
                        component and immediate implications for Dark Matter}",
      journal        = "JCAP",
      volume         = "1509",
      year           = "2015",
      number         = "09",
      pages          = "023",
      doi            = "10.1088/1475-7516/2015/09/023,
                        10.1088/1475-7516/2015/9/023",
      eprint         = "1504.04276",
      archivePrefix  = "arXiv",
      primaryClass   = "astro-ph.HE",
      reportNumber   = "SACLAY-T13-137, LAPTH-019-15, LAPP-EXP-2015-01",
      SLACcitation   = "%%CITATION = ARXIV:1504.04276;%%"
}

@article{Tan:2016zwf,
      author         = "Tan, Andi and others",
      title          = "{Dark Matter Results from First 98.7 Days of Data from
                        the PandaX-II Experiment}",
      collaboration  = "PandaX-II",
      journal        = "Phys. Rev. Lett.",
      volume         = "117",
      year           = "2016",
      number         = "12",
      pages          = "121303",
      doi            = "10.1103/PhysRevLett.117.121303",
      eprint         = "1607.07400",
      archivePrefix  = "arXiv",
      primaryClass   = "hep-ex",
      SLACcitation   = "%%CITATION = ARXIV:1607.07400;%%"
}

@article{Aguilar:2013qda,
      author         = "Aguilar, M. and others",
      title          = "{First Result from the Alpha Magnetic Spectrometer on the
                        International Space Station: Precision Measurement of the
                        Positron Fraction in Primary Cosmic Rays of 0.5?350
                        GeV}",
      collaboration  = "AMS",
      journal        = "Phys. Rev. Lett.",
      volume         = "110",
      year           = "2013",
      pages          = "141102",
      doi            = "10.1103/PhysRevLett.110.141102",
      SLACcitation   = "%%CITATION = PRLTA,110,141102;%%"
}


@article{Amole:2017dex,
      author         = "Amole, C. and others",
      title          = "{Dark Matter Search Results from the PICO-60 C$_3$F$_8$
                        Bubble Chamber}",
      collaboration  = "PICO",
      journal        = "Phys. Rev. Lett.",
      volume         = "118",
      year           = "2017",
      number         = "25",
      pages          = "251301",
      doi            = "10.1103/PhysRevLett.118.251301",
      eprint         = "1702.07666",
      archivePrefix  = "arXiv",
      primaryClass   = "astro-ph.CO",
      reportNumber   = "FERMILAB-PUB-17-058-AE-PPD",
      SLACcitation   = "%%CITATION = ARXIV:1702.07666;%%"
}

@article{Khachatryan:2016nvf,
      author         = "Khachatryan, Vardan and others",
      title          = "{Phenomenological MSSM interpretation of CMS searches in
                        pp collisions at sqrt(s) = 7 and 8 TeV}",
      collaboration  = "CMS",
      journal        = "JHEP",
      volume         = "10",
      year           = "2016",
      pages          = "129",
      doi            = "10.1007/JHEP10(2016)129",
      eprint         = "1606.03577",
      archivePrefix  = "arXiv",
      primaryClass   = "hep-ex",
      reportNumber   = "CMS-SUS-15-010, CERN-EP-2016-094",
      SLACcitation   = "%%CITATION = ARXIV:1606.03577;%%"
}

@article{Aad:2015baa,
      author         = "Aad, Georges and others",
      title          = "{Summary of the ATLAS experiment?s sensitivity to
                        supersymmetry after LHC Run 1 ? interpreted in the
                        phenomenological MSSM}",
      collaboration  = "ATLAS",
      journal        = "JHEP",
      volume         = "10",
      year           = "2015",
      pages          = "134",
      doi            = "10.1007/JHEP10(2015)134",
      eprint         = "1508.06608",
      archivePrefix  = "arXiv",
      primaryClass   = "hep-ex",
      reportNumber   = "CERN-PH-EP-2015-214",
      SLACcitation   = "%%CITATION = ARXIV:1508.06608;%%"
}

@article{Kim:2017mtc,
      author         = "Kim, Jinsu and McDonald, John",
      title          = "{A Clockwork Higgs Portal Model for Freeze-In Dark
                        Matter}",
      year           = "2017",
      eprint         = "1709.04105",
      archivePrefix  = "arXiv",
      primaryClass   = "hep-ph",
      SLACcitation   = "%%CITATION = ARXIV:1709.04105;%%"
}

@article{McDonald:2001vt,
      author         = "McDonald, John",
      title          = "{Thermally generated gauge singlet scalars as
                        selfinteracting dark matter}",
      journal        = "Phys. Rev. Lett.",
      volume         = "88",
      year           = "2002",
      pages          = "091304",
      doi            = "10.1103/PhysRevLett.88.091304",
      eprint         = "hep-ph/0106249",
      archivePrefix  = "arXiv",
      primaryClass   = "hep-ph",
      SLACcitation   = "%%CITATION = HEP-PH/0106249;%%"
}

@article{Molinaro:2014lfa,
      author         = "Molinaro, Emiliano and Yaguna, Carlos E. and Zapata,
                        Oscar",
      title          = "{FIMP realization of the scotogenic model}",
      journal        = "JCAP",
      volume         = "1407",
      year           = "2014",
      pages          = "015",
      doi            = "10.1088/1475-7516/2014/07/015",
      eprint         = "1405.1259",
      archivePrefix  = "arXiv",
      primaryClass   = "hep-ph",
      reportNumber   = "FLAVOUR(267104)-ERC-67, TUM-HEP-941-14, NORDITA-2014-55,
                        MS-TP-14-19",
      SLACcitation   = "%%CITATION = ARXIV:1405.1259;%%"
}

@article{Yaguna:2011qn,
      author         = "Yaguna, Carlos E.",
      title          = "{The Singlet Scalar as FIMP Dark Matter}",
      journal        = "JHEP",
      volume         = "08",
      year           = "2011",
      pages          = "060",
      doi            = "10.1007/JHEP08(2011)060",
      eprint         = "1105.1654",
      archivePrefix  = "arXiv",
      primaryClass   = "hep-ph",
      SLACcitation   = "%%CITATION = ARXIV:1105.1654;%%"
}

@article{Blennow:2013jba,
      author         = "Blennow, Mattias and Fernandez-Martinez, Enrique and
                        Zaldivar, Bryan",
      title          = "{Freeze-in through portals}",
      journal        = "JCAP",
      volume         = "1401",
      year           = "2014",
      pages          = "003",
      doi            = "10.1088/1475-7516/2014/01/003",
      eprint         = "1309.7348",
      archivePrefix  = "arXiv",
      primaryClass   = "hep-ph",
      SLACcitation   = "%%CITATION = ARXIV:1309.7348;%%"
}



@article{Aartsen:2016zhm,
      author         = "Aartsen, M. G. and others",
      title          = "{Search for annihilating dark matter in the Sun with 3
                        years of IceCube data}",
      collaboration  = "IceCube",
      journal        = "Eur. Phys. J.",
      volume         = "C77",
      year           = "2017",
      number         = "3",
      pages          = "146",
      doi            = "10.1140/epjc/s10052-017-4689-9",
      eprint         = "1612.05949",
      archivePrefix  = "arXiv",
      primaryClass   = "astro-ph.HE",
      SLACcitation   = "%%CITATION = ARXIV:1612.05949;%%"
}

@article{Chu:2011be,
      author         = "Chu, Xiaoyong and Hambye, Thomas and Tytgat, Michel H.
                        G.",
      title          = "{The Four Basic Ways of Creating Dark Matter Through a
                        Portal}",
      journal        = "JCAP",
      volume         = "1205",
      year           = "2012",
      pages          = "034",
      doi            = "10.1088/1475-7516/2012/05/034",
      eprint         = "1112.0493",
      archivePrefix  = "arXiv",
      primaryClass   = "hep-ph",
      reportNumber   = "ULB-TH-11-26",
      SLACcitation   = "%%CITATION = ARXIV:1112.0493;%%"
}

@article{Chu:2013jja,
      author         = "Chu, Xiaoyong and Mambrini, Yann and Quevillon, Jérémie
                        and Zaldivar, Bryan",
      title          = "{Thermal and non-thermal production of dark matter via
                        Z'-portal(s)}",
      journal        = "JCAP",
      volume         = "1401",
      year           = "2014",
      pages          = "034",
      doi            = "10.1088/1475-7516/2014/01/034",
      eprint         = "1306.4677",
      archivePrefix  = "arXiv",
      primaryClass   = "hep-ph",
      SLACcitation   = "%%CITATION = ARXIV:1306.4677;%%"
}

@article{Klasen:2013ypa,
      author         = "Klasen, Michael and Yaguna, Carlos E.",
      title          = "{Warm and cold fermionic dark matter via freeze-in}",
      journal        = "JCAP",
      volume         = "1311",
      year           = "2013",
      pages          = "039",
      doi            = "10.1088/1475-7516/2013/11/039",
      eprint         = "1309.2777",
      archivePrefix  = "arXiv",
      primaryClass   = "hep-ph",
      reportNumber   = "MS-TP-13-24",
      SLACcitation   = "%%CITATION = ARXIV:1309.2777;%%"
}


@article{Kaneta:2016wvf,
      author         = "Kaneta, Kunio and Lee, Hye-Sung and Yun, Seokhoon",
      title          = "{Portal Connecting Dark Photons and Axions}",
      journal        = "Phys. Rev. Lett.",
      volume         = "118",
      year           = "2017",
      number         = "10",
      pages          = "101802",
      doi            = "10.1103/PhysRevLett.118.101802",
      eprint         = "1611.01466",
      archivePrefix  = "arXiv",
      primaryClass   = "hep-ph",
      reportNumber   = "CTPU-16-34",
      SLACcitation   = "%%CITATION = ARXIV:1611.01466;%%"
}


@article{Ayazi:2015jij,
      author         = "Yaser Ayazi, Seyed and Firouzabadi, S. Mahdi and Zakeri,
                        S. Peyman",
      title          = "{Freeze-in production of Fermionic Dark Matter with
                        Pseudo-scalar and Phenomenological Aspects}",
      journal        = "J. Phys.",
      volume         = "G43",
      year           = "2016",
      number         = "9",
      pages          = "095006",
      doi            = "10.1088/0954-3899/43/9/095006",
      eprint         = "1511.07736",
      archivePrefix  = "arXiv",
      primaryClass   = "hep-ph",
      SLACcitation   = "%%CITATION = ARXIV:1511.07736;%%"
}



@article{Arbey:2011zz,
      author         = "Arbey, A. and Mahmoudi, F.",
      title          = "{SuperIso Relic v3.0: A program for calculating relic
                        density and flavour physics observables: Extension to
                        NMSSM}",
      journal        = "Comput. Phys. Commun.",
      volume         = "182",
      year           = "2011",
      pages          = "1582-1583",
      doi            = "10.1016/j.cpc.2011.03.019",
      SLACcitation   = "%%CITATION = CPHCB,182,1582;%%"
}

@article{Gondolo:2004sc,
      author         = "Gondolo, P. and Edsjo, J. and Ullio, P. and Bergstrom, L.
                        and Schelke, Mia and Baltz, E. A.",
      title          = "{DarkSUSY: Computing supersymmetric dark matter
                        properties numerically}",
      journal        = "JCAP",
      volume         = "0407",
      year           = "2004",
      pages          = "008",
      doi            = "10.1088/1475-7516/2004/07/008",
      eprint         = "astro-ph/0406204",
      archivePrefix  = "arXiv",
      primaryClass   = "astro-ph",
      reportNumber   = "SLAC-PUB-10562",
      SLACcitation   = "%%CITATION = ASTRO-PH/0406204;%%"
}

@article{Backovic:2013dpa,
      author         = "Backovic, Mihailo and Kong, Kyoungchul and McCaskey,
                        Mathew",
      title          = "{MadDM v.1.0: Computation of Dark Matter Relic Abundance
                        Using MadGraph5}",
      journal        = "Physics of the Dark Universe",
      volume         = "5-6",
      year           = "2014",
      pages          = "18-28",
      doi            = "10.1016/j.dark.2014.04.001",
      eprint         = "1308.4955",
      archivePrefix  = "arXiv",
      primaryClass   = "hep-ph",
      SLACcitation   = "%%CITATION = ARXIV:1308.4955;%%"
}



@article{Barducci:2016pcb,
      author         = "Barducci, D. and Belanger, G. and Bernon, J. and
                        Boudjema, F. and Da Silva, J. and Kraml, S. and Laa, U.
                        and Pukhov, A.",
      title          = "{Collider limits on new physics within micrOMEGAs4.3}",
      year           = "2016",
      eprint         = "1606.03834",
      archivePrefix  = "arXiv",
      primaryClass   = "hep-ph",
      SLACcitation   = "%%CITATION = ARXIV:1606.03834;%%"
}

@article{Belanger:2006is,
      author         = "Belanger, G. and Boudjema, F. and Pukhov, A. and Semenov,
                        A.",
      title          = "{MicrOMEGAs 2.0: A Program to calculate the relic density
                        of dark matter in a generic model}",
      journal        = "Comput. Phys. Commun.",
      volume         = "176",
      year           = "2007",
      pages          = "367-382",
      doi            = "10.1016/j.cpc.2006.11.008",
      eprint         = "hep-ph/0607059",
      archivePrefix  = "arXiv",
      primaryClass   = "hep-ph",
      reportNumber   = "LAPTH-1152-06",
      SLACcitation   = "%%CITATION = HEP-PH/0607059;%%"
}

@article{Belanger:2001fz,
      author         = "Belanger, G. and Boudjema, F. and Pukhov, A. and Semenov,
                        A.",
      title          = "{MicrOMEGAs: A Program for calculating the relic density
                        in the MSSM}",
      journal        = "Comput. Phys. Commun.",
      volume         = "149",
      year           = "2002",
      pages          = "103-120",
      doi            = "10.1016/S0010-4655(02)00596-9",
      eprint         = "hep-ph/0112278",
      archivePrefix  = "arXiv",
      primaryClass   = "hep-ph",
      reportNumber   = "LAPTH-881-01",
      SLACcitation   = "%%CITATION = HEP-PH/0112278;%%"
}


@article{Ahnen:2016qkx,
      author         = "Ahnen, M. L. and others",
      title          = "{Limits to dark matter annihilation cross-section from a
                        combined analysis of MAGIC and Fermi-LAT observations of
                        dwarf satellite galaxies}",
      collaboration  = "Fermi-LAT, MAGIC",
      journal        = "JCAP",
      volume         = "1602",
      year           = "2016",
      number         = "02",
      pages          = "039",
      doi            = "10.1088/1475-7516/2016/02/039",
      eprint         = "1601.06590",
      archivePrefix  = "arXiv",
      primaryClass   = "astro-ph.HE",
      reportNumber   = "FERMILAB-PUB-16-283-AE",
      SLACcitation   = "%%CITATION = ARXIV:1601.06590;%%"
}

@article{Abdallah:2016ygi,
      author         = "Abdallah, H. and others",
      title          = "{Search for dark matter annihilations towards the inner
                        Galactic halo from 10 years of observations with H.E.S.S}",
      collaboration  = "H.E.S.S.",
      journal        = "Phys. Rev. Lett.",
      volume         = "117",
      year           = "2016",
      number         = "11",
      pages          = "111301",
      doi            = "10.1103/PhysRevLett.117.111301",
      eprint         = "1607.08142",
      archivePrefix  = "arXiv",
      primaryClass   = "astro-ph.HE",
      SLACcitation   = "%%CITATION = ARXIV:1607.08142;%%"
}


@article{Bertone:2004pz,
      author         = "Bertone, Gianfranco and Hooper, Dan and Silk, Joseph",
      title          = "{Particle dark matter: Evidence, candidates and
                        constraints}",
      journal        = "Phys. Rept.",
      volume         = "405",
      year           = "2005",
      pages          = "279-390",
      doi            = "10.1016/j.physrep.2004.08.031",
      eprint         = "hep-ph/0404175",
      archivePrefix  = "arXiv",
      primaryClass   = "hep-ph",
      reportNumber   = "FERMILAB-PUB-04-047-A",
      SLACcitation   = "%%CITATION = HEP-PH/0404175;%%"
}

@book{Bertone:2010zza,
      author         = "J. Silk and others",
      editor         = "Bertone, Gianfranco",
      title          = "{Particle Dark Matter: Observations, Models and
                        Searches}",
      url            = "http://www.cambridge.org/uk/catalogue/catalogue.asp?isbn=9780521763684",
      journal        = "Cambridge, UK: Univ. Pr. (2010) 738 p",
      year           = "2010",
      ISBN           = "9781107653924",
      SLACcitation   = "%%CITATION = INSPIRE-895273;%%"
}

@article{Griest:2000kj,
      author         = "Griest, K. and Kamionkowski, M.",
      title          = "{Supersymmetric dark matter}",
      journal        = "Phys. Rept.",
      volume         = "333",
      year           = "2000",
      pages          = "167-182",
      doi            = "10.1016/S0370-1573(00)00021-1",
      SLACcitation   = "%%CITATION = PRPLC,333,167;%%"
}

@article{Jungman:1995df,
      author         = "Jungman, Gerard and Kamionkowski, Marc and Griest, Kim",
      title          = "{Supersymmetric dark matter}",
      journal        = "Phys. Rept.",
      volume         = "267",
      year           = "1996",
      pages          = "195-373",
      doi            = "10.1016/0370-1573(95)00058-5",
      eprint         = "hep-ph/9506380",
      archivePrefix  = "arXiv",
      primaryClass   = "hep-ph",
      reportNumber   = "SU-4240-605, UCSD-PTH-95-02, IASSNS-HEP-95-14, CU-TP-677",
      SLACcitation   = "%%CITATION = HEP-PH/9506380;%%"
}


@article{Papucci:2014rja,
      author         = "Papucci, Michele and Sakurai, Kazuki and Weiler, Andreas
                        and Zeune, Lisa",
      title          = "{Fastlim: a fast LHC limit calculator}",
      journal        = "Eur. Phys. J.",
      volume         = "C74",
      year           = "2014",
      number         = "11",
      pages          = "3163",
      doi            = "10.1140/epjc/s10052-014-3163-1",
      eprint         = "1402.0492",
      archivePrefix  = "arXiv",
      primaryClass   = "hep-ph",
      reportNumber   = "CERN-PH-TH-2014-019, DESY-14-010, KCL-PH-TH-2014-04,
                        MCTP-14-03",
      SLACcitation   = "%%CITATION = ARXIV:1402.0492;%%"
}

@article{Drees:2013wra,
      author         = "Drees, Manuel and Dreiner, Herbi and Schmeier, Daniel and
                        Tattersall, Jamie and Kim, Jong Soo",
      title          = "{CheckMATE: Confronting your Favourite New Physics Model
                        with LHC Data}",
      journal        = "Comput. Phys. Commun.",
      volume         = "187",
      year           = "2015",
      pages          = "227-265",
      doi            = "10.1016/j.cpc.2014.10.018",
      eprint         = "1312.2591",
      archivePrefix  = "arXiv",
      primaryClass   = "hep-ph",
      reportNumber   = "ADP-13-29-T849, IFT-UAM-CSIC-13-133,
                        ADP-13-29-T849-IFT-UAM-CSIC-13-133",
      SLACcitation   = "%%CITATION = ARXIV:1312.2591;%%"
}

@article{Kim:2015wza,
      author         = "Kim, Jong Soo and Schmeier, Daniel and Tattersall, Jamie
                        and Rolbiecki, Krzysztof",
      title          = "{A framework to create customised LHC analyses within
                        CheckMATE}",
      journal        = "Comput. Phys. Commun.",
      volume         = "196",
      year           = "2015",
      pages          = "535-562",
      doi            = "10.1016/j.cpc.2015.06.002",
      eprint         = "1503.01123",
      archivePrefix  = "arXiv",
      primaryClass   = "hep-ph",
      reportNumber   = "IFT-UAM-CSIC-15-021",
      SLACcitation   = "%%CITATION = ARXIV:1503.01123;%%"
}


@article{Bernon:2015hsa,
      author         = "Bernon, Jeremy and Dumont, Beranger",
      title          = "{Lilith: a tool for constraining new physics from Higgs
                        measurements}",
      journal        = "Eur. Phys. J.",
      volume         = "C75",
      year           = "2015",
      number         = "9",
      pages          = "440",
      doi            = "10.1140/epjc/s10052-015-3645-9",
      eprint         = "1502.04138",
      archivePrefix  = "arXiv",
      primaryClass   = "hep-ph",
      SLACcitation   = "%%CITATION = ARXIV:1502.04138;%%"
}

@article{Bechtle:2013xfa,
      author         = "Bechtle, Philip and Heinemeyer, Sven and St{\aa}l, Oscar and
                        Stefaniak, Tim and Weiglein, Georg",
      title          = "{$HiggsSignals$: Confronting arbitrary Higgs sectors with
                        measurements at the Tevatron and the LHC}",
      journal        = "Eur. Phys. J.",
      volume         = "C74",
      pages          = "2711",
      doi            = "10.1140/epjc/s10052-013-2711-4",
      year           = "2014",
      eprint         = "1305.1933",
      archivePrefix  = "arXiv",
      primaryClass   = "hep-ph",
      reportNumber   = "BONN-TH-2013-07, DESY-13-078",
      SLACcitation   = "%%CITATION = ARXIV:1305.1933;%%",
}

@article{Bechtle:2013wla,
      author         = "Bechtle, Philip and Brein, Oliver and Heinemeyer, Sven
                        and St{\aa}l, Oscar and Stefaniak, Tim and others",
      title          = "{$\mathsf{HiggsBounds}-4$: Improved Tests of Extended
                        Higgs Sectors against Exclusion Bounds from LEP, the
                        Tevatron and the LHC}",
      journal        = "Eur. Phys. J.",
      volume         = "C74",
      pages          = "2693",
      doi            = "10.1140/epjc/s10052-013-2693-2",
      year           = "2014",
      eprint         = "1311.0055",
      archivePrefix  = "arXiv",
      primaryClass   = "hep-ph",
      reportNumber   = "BONN-TH-2013-21, DESY-13-110",
      SLACcitation   = "%%CITATION = ARXIV:1311.0055;%%",
}

@article{Bechtle:2011sb,
      author         = "Bechtle, Philip and Brein, Oliver and Heinemeyer, Sven
                        and Weiglein, Georg and Williams, Karina E.",
      title          = "{HiggsBounds 2.0.0: Confronting Neutral and Charged Higgs
                        Sector Predictions with Exclusion Bounds from LEP and the
                        Tevatron}",
      journal        = "Comput. Phys. Commun.",
      volume         = "182",
      year           = "2011",
      pages          = "2605-2631",
      doi            = "10.1016/j.cpc.2011.07.015",
      eprint         = "1102.1898",
      archivePrefix  = "arXiv",
      primaryClass   = "hep-ph",
      reportNumber   = "FR-PHENO-2011-002, BONN-TH-2011-02, DESY-11-016",
      SLACcitation   = "%%CITATION = ARXIV:1102.1898;%%"
}

@article{Freitas:2014hra,
      author         = "Freitas, Ayres",
      title          = "{Higher-order electroweak corrections to the partial
                        widths and branching ratios of the Z boson}",
      journal        = "JHEP",
      volume         = "04",
      year           = "2014",
      pages          = "070",
      doi            = "10.1007/JHEP04(2014)070",
      eprint         = "1401.2447",
      archivePrefix  = "arXiv",
      primaryClass   = "hep-ph",
      SLACcitation   = "%%CITATION = ARXIV:1401.2447;%%"
}

@article{Abbiendi:2003sc,
      author         = "Abbiendi, G. and others",
      title          = "{Search for chargino and neutralino production at
                        $\sqrt{s}$ = 192 - 209 GeV at LEP}",
      collaboration  = "OPAL",
      journal        = "Eur. Phys. J.",
      volume         = "C35",
      year           = "2004",
      pages          = "1-20",
      doi            = "10.1140/epjc/s2004-01758-8",
      eprint         = "hep-ex/0401026",
      archivePrefix  = "arXiv",
      primaryClass   = "hep-ex",
      reportNumber   = "CERN-EP-2003-090",
      SLACcitation   = "%%CITATION = HEP-EX/0401026;%%",
}

@article{Khachatryan:2015vra,
      author         = "Khachatryan, Vardan and others",
      title          = "{Searches for Supersymmetry using the M$_{T2}$ Variable
                        in Hadronic Events Produced in pp Collisions at 8 TeV}",
      collaboration  = "CMS",
      journal        = "JHEP",
      volume         = "05",
      year           = "2015",
      pages          = "078",
      doi            = "10.1007/JHEP05(2015)078",
      eprint         = "1502.04358",
      archivePrefix  = "arXiv",
      primaryClass   = "hep-ex",
      reportNumber   = "CMS-SUS-13-019, CERN-PH-EP-2015-017",
      SLACcitation   = "%%CITATION = ARXIV:1502.04358;%%"
}

@article{Edelhauser:2014ena,
      author         = "EdelhÃ¤user, Lisa and Heisig, Jan and KrÃ¤mer, Michael
                        and Oymanns, Lennart and Sonneveld, Jory",
      title          = "{Constraining supersymmetry at the LHC with simplified
                        models for squark production}",
      journal        = "JHEP",
      volume         = "12",
      year           = "2014",
      pages          = "022",
      doi            = "10.1007/JHEP12(2014)022",
      eprint         = "1410.0965",
      archivePrefix  = "arXiv",
      primaryClass   = "hep-ph",
      reportNumber   = "SLAC-PUB-16114, TTK-14-26",
      SLACcitation   = "%%CITATION = ARXIV:1410.0965;%%"
}

@article{Edelhauser:2015ksa,
      author         = "EdelhÃ¤user, Lisa and KrÃ¤mer, Michael and Sonneveld,
                        Jory",
      title          = "{Simplified models for same-spin new physics scenarios}",
      journal        = "JHEP",
      volume         = "04",
      year           = "2015",
      pages          = "146",
      doi            = "10.1007/JHEP04(2015)146",
      eprint         = "1501.03942",
      archivePrefix  = "arXiv",
      primaryClass   = "hep-ph",
      reportNumber   = "SLAC-PUB-16176, TTK-15-01",
      SLACcitation   = "%%CITATION = ARXIV:1501.03942;%%"
}

@article{Aad:2014nua,
      author         = "Aad, Georges and others",
      title          = "{Search for direct production of charginos and
                        neutralinos in events with three leptons and missing
                        transverse momentum in $\sqrt{s} =$ 8TeV $pp$ collisions
                        with the ATLAS detector}",
      collaboration  = "ATLAS",
      journal        = "JHEP",
      volume         = "04",
      year           = "2014",
      pages          = "169",
      doi            = "10.1007/JHEP04(2014)169",
      eprint         = "1402.7029",
      archivePrefix  = "arXiv",
      primaryClass   = "hep-ex",
      reportNumber   = "CERN-PH-EP-2014-019",
      SLACcitation   = "%%CITATION = ARXIV:1402.7029;%%"
}

@inproceedings{Belanger:2014hqa,
      author         = "Belanger, G. and Boudjema, F. and Pukhov, A.",
      title          = "{micrOMEGAs : a code for the calculation of Dark Matter
                        properties in generic models of particle interaction}",
      booktitle      = "{The Dark Secrets of the Terascale}",
      year           = "2013",
      pages          = "739-790",
      doi            = "10.1142/9789814390163_0012",
      eprint         = "1402.0787",
      archivePrefix  = "arXiv",
      primaryClass   = "hep-ph",
      SLACcitation   = "%%CITATION = ARXIV:1402.0787;%%"
}


@article{Arina:2015uea,
      author         = "Arina, Chiara and Catalan, Maria Eugenia Cabrera and
                        Kraml, Sabine and Kulkarni, Suchita and Laa, Ursula",
      title          = "{Constraints on sneutrino dark matter from LHC Run 1}",
      journal        = "JHEP",
      volume         = "05",
      year           = "2015",
      pages          = "142",
      doi            = "10.1007/JHEP05(2015)142",
      eprint         = "1503.02960",
      archivePrefix  = "arXiv",
      primaryClass   = "hep-ph",
      reportNumber   = "LPSC-15065, HEPHY-PUB-948-15",
      SLACcitation   = "%%CITATION = ARXIV:1503.02960;%%"
}





@article{Kraml:2014sna,
      author         = "Kraml, Sabine and Kulkarni, Suchita and Laa, Ursula and
                        Lessa, Andre and Magerl, Veronika and Magerl, Wolfgang and
                        Proschofsky-Spindler, Doris and Traub, Michael and
                        Waltenberger, Wolfgang",
      title          = "{SModelS v1.0: a short user guide}",
      year           = "2014",
      eprint         = "1412.1745",
      archivePrefix  = "arXiv",
      primaryClass   = "hep-ph",
      reportNumber   = "LPSC14295, HEPHY-PUB-945-14",
      SLACcitation   = "%%CITATION = ARXIV:1412.1745;%%"
}

@article{Kraml:2013mwa,
      author         = "Kraml, Sabine and Kulkarni, Suchita and Laa, Ursula and
                        Lessa, Andre and Magerl, Wolfgang and
                        Proschofsky-Spindler, Doris and Waltenberger, Wolfgang",
      title          = "{SModelS: a tool for interpreting simplified-model
                        results from the LHC and its application to
                        supersymmetry}",
      journal        = "Eur. Phys. J.",
      volume         = "C74",
      year           = "2014",
      pages          = "2868",
      doi            = "10.1140/epjc/s10052-014-2868-5",
      eprint         = "1312.4175",
      archivePrefix  = "arXiv",
      primaryClass   = "hep-ph",
      SLACcitation   = "%%CITATION = ARXIV:1312.4175;%%"
}

@article{Barducci:2014gna,
      author         = "Barducci, D. and Belyaev, A. and Buchkremer, M. and
                        Marrouche, J. and Moretti, S. and Panizzi, L.",
      title          = "{XQCAT: eXtra Quark Combined Analysis Tool}",
      journal        = "Comput. Phys. Commun.",
      volume         = "197",
      year           = "2015",
      pages          = "263-275",
      doi            = "10.1016/j.cpc.2015.08.016",
      eprint         = "1409.3116",
      archivePrefix  = "arXiv",
      primaryClass   = "hep-ph",
      SLACcitation   = "%%CITATION = ARXIV:1409.3116;%%"
}




@article{Belanger:2008sj,
      author         = "Belanger, G. and Boudjema, F. and Pukhov, A. and Semenov,
                        A.",
      title          = "{Dark matter direct detection rate in a generic model
                        with micrOMEGAs 2.2}",
      journal        = "Comput. Phys. Commun.",
      volume         = "180",
      year           = "2009",
      pages          = "747-767",
      doi            = "10.1016/j.cpc.2008.11.019",
      eprint         = "0803.2360",
      archivePrefix  = "arXiv",
      primaryClass   = "hep-ph",
      reportNumber   = "LAPTH-1237-08",
      SLACcitation   = "%%CITATION = ARXIV:0803.2360;%%"
}

@article{Belanger:2010gh,
      author         = "Belanger, G. and Boudjema, F. and Brun, P. and Pukhov, A.
                        and Rosier-Lees, S. and Salati, P. and Semenov, A.",
      title          = "{Indirect search for dark matter with micrOMEGAs2.4}",
      journal        = "Comput. Phys. Commun.",
      volume         = "182",
      year           = "2011",
      pages          = "842-856",
      doi            = "10.1016/j.cpc.2010.11.033",
      eprint         = "1004.1092",
      archivePrefix  = "arXiv",
      primaryClass   = "hep-ph",
      reportNumber   = "IRFU-10-24, LAPTH-012-10.",
      SLACcitation   = "%%CITATION = ARXIV:1004.1092;%%"
}

@article{Belanger:2013oya,
      author         = "Belanger, G. and Boudjema, F. and Pukhov, A. and Semenov,
                        A.",
      title          = "{micrOMEGAs\_3: A program for calculating dark matter
                        observables}",
      journal        = "Comput. Phys. Commun.",
      volume         = "185",
      year           = "2014",
      pages          = "960-985",
      doi            = "10.1016/j.cpc.2013.10.016",
      eprint         = "1305.0237",
      archivePrefix  = "arXiv",
      primaryClass   = "hep-ph",
      reportNumber   = "LAPTH-023-13",
      SLACcitation   = "%%CITATION = ARXIV:1305.0237;%%"
}

@article{Belanger:2014vza,
      author         = "Belanger, G. and Boudjema, F. and Pukhov, A. and
                        Semenov, A.",
      title          = "{micrOMEGAs4.1: two dark matter candidates}",
      journal        = "Comput. Phys. Commun.",
      volume         = "192",
      year           = "2015",
      pages          = "322-329",
      doi            = "10.1016/j.cpc.2015.03.003",
      eprint         = "1407.6129",
      archivePrefix  = "arXiv",
      primaryClass   = "hep-ph",
      SLACcitation   = "%%CITATION = ARXIV:1407.6129;%%"
}

@article{Belyaev:2012qa,
      author         = "Belyaev, Alexander and Christensen, Neil D. and Pukhov,
                        Alexander",
      title          = "{CalcHEP 3.4 for collider physics within and beyond the
                        Standard Model}",
      journal        = "Comput. Phys. Commun.",
      volume         = "184",
      year           = "2013",
      pages          = "1729-1769",
      doi            = "10.1016/j.cpc.2013.01.014",
      eprint         = "1207.6082",
      archivePrefix  = "arXiv",
      primaryClass   = "hep-ph",
      reportNumber   = "PITT-PACC-1209",
      SLACcitation   = "%%CITATION = ARXIV:1207.6082;%%"
}

@article{Pukhov:2004ca,
      author         = "Pukhov, A.",
      title          = "{CalcHEP 2.3: MSSM, structure functions, event
                        generation, batchs, and generation of matrix elements for
                        other packages}",
      year           = "2004",
      eprint         = "hep-ph/0412191",
      archivePrefix  = "arXiv",
      primaryClass   = "hep-ph",
      SLACcitation   = "%%CITATION = HEP-PH/0412191;%%"
}

@article{Aad:2012tfa,
      author         = "Aad, Georges and others",
      title          = "{Observation of a new particle in the search for the
                        Standard Model Higgs boson with the ATLAS detector at the
                        LHC}",
      collaboration  = "ATLAS",
      journal        = "Phys. Lett.",
      volume         = "B716",
      year           = "2012",
      pages          = "1-29",
      doi            = "10.1016/j.physletb.2012.08.020",
      eprint         = "1207.7214",
      archivePrefix  = "arXiv",
      primaryClass   = "hep-ex",
      reportNumber   = "CERN-PH-EP-2012-218",
      SLACcitation   = "%%CITATION = ARXIV:1207.7214;%%"
}

@article{Chatrchyan:2012xdj,
      author         = "Chatrchyan, Serguei and others",
      title          = "{Observation of a new boson at a mass of 125 GeV with the
                        CMS experiment at the LHC}",
      collaboration  = "CMS",
      journal        = "Phys. Lett.",
      volume         = "B716",
      year           = "2012",
      pages          = "30-61",
      doi            = "10.1016/j.physletb.2012.08.021",
      eprint         = "1207.7235",
      archivePrefix  = "arXiv",
      primaryClass   = "hep-ex",
      reportNumber   = "CMS-HIG-12-028, CERN-PH-EP-2012-220",
      SLACcitation   = "%%CITATION = ARXIV:1207.7235;%%"
}


@misc{slha_lh,
  author = {Talk by XXX},
  howpublished = "\url{https://phystev.cnrs.fr/wiki/2013:groups:tools:slha}",
  year = {2013},
  note = ""
}



%%% Pythia 6.4 %%%
@article{Sjostrand:2006za,
      author         = "Sjostrand, Torbjorn and Mrenna, Stephen and Skands, Peter
                        Z.",
      title          = "{PYTHIA 6.4 Physics and Manual}",
      journal        = "JHEP",
      volume         = "0605",
      pages          = "026",
      doi            = "10.1088/1126-6708/2006/05/026",
      year           = "2006",
      eprint         = "hep-ph/0603175",
      archivePrefix  = "arXiv",
      primaryClass   = "hep-ph",
      reportNumber   = "FERMILAB-PUB-06-052-CD-T, LU-TP-06-13",
      SLACcitation   = "%%CITATION = HEP-PH/0603175;%%",
}

%%% PySLHA %%%
@article{Buckley:2013jua,
      author         = "Buckley, Andy",
      title          = "{PySLHA: a Pythonic interface to SUSY Les Houches Accord
                        data}",
      year           = "2013",
      eprint         = "1305.4194",
      archivePrefix  = "arXiv",
      primaryClass   = "hep-ph",
      reportNumber   = "MCNET-13-06",
      SLACcitation   = "%%CITATION = ARXIV:1305.4194;%%",
}


%%% NLL-fast citations %%%

@misc{nllfast, 
note = "\url{http://pauli.uni-muenster.de/$\sim$akule\_01/nllwiki/index.php/NLL-fast}",
}

@article{Beenakker:1996ch,
      author         = "Beenakker, W. and Hopker, R. and Spira, M. and Zerwas,
                        P.M.",
      title          = "{Squark and gluino production at hadron colliders}",
      journal        = "Nucl.Phys.",
      volume         = "B492",
      pages          = "51-103",
      doi            = "10.1016/S0550-3213(97)80027-2",
      year           = "1997",
      eprint         = "hep-ph/9610490",
      archivePrefix  = "arXiv",
      primaryClass   = "hep-ph",
      reportNumber   = "DESY-96-150, CERN-TH-96-215",
      SLACcitation   = "%%CITATION = HEP-PH/9610490;%%",
}

@article{Kulesza:2008jb,
      author         = "Kulesza, A. and Motyka, L.",
      title          = "{Threshold resummation for squark-antisquark and
                        gluino-pair production at the LHC}",
      journal        = "Phys.Rev.Lett.",
      volume         = "102",
      pages          = "111802",
      doi            = "10.1103/PhysRevLett.102.111802",
      year           = "2009",
      eprint         = "0807.2405",
      archivePrefix  = "arXiv",
      primaryClass   = "hep-ph",
      reportNumber   = "DESY-08-096",
      SLACcitation   = "%%CITATION = ARXIV:0807.2405;%%",
}

@article{Kulesza:2009kq,
      author         = "Kulesza, A. and Motyka, L.",
      title          = "{Soft gluon resummation for the production of
                        gluino-gluino and squark-antisquark pairs at the LHC}",
      journal        = "Phys.Rev.",
      volume         = "D80",
      pages          = "095004",
      doi            = "10.1103/PhysRevD.80.095004",
      year           = "2009",
      eprint         = "0905.4749",
      archivePrefix  = "arXiv",
      primaryClass   = "hep-ph",
      reportNumber   = "DESY-09-078, PITHA-09-11",
      SLACcitation   = "%%CITATION = ARXIV:0905.4749;%%",
}

@article{Beenakker:2009ha,
      author         = "Beenakker, Wim and Brensing, Silja and Kramer, Michael
                        and Kulesza, Anna and Laenen, Eric and others",
      title          = "{Soft-gluon resummation for squark and gluino
                        hadroproduction}",
      journal        = "JHEP",
      volume         = "0912",
      pages          = "041",
      doi            = "10.1088/1126-6708/2009/12/041",
      year           = "2009",
      eprint         = "0909.4418",
      archivePrefix  = "arXiv",
      primaryClass   = "hep-ph",
      reportNumber   = "ITP-UU-09-33, NIKHEF-2009-015",
      SLACcitation   = "%%CITATION = ARXIV:0909.4418;%%",
}

@article{Beenakker:2011fu,
      author         = "Beenakker, W. and Brensing, S. and Kramer, M.n and
                        Kulesza, A. and Laenen, E. and others",
      title          = "{Squark and Gluino Hadroproduction}",
      journal        = "Int.J.Mod.Phys.",
      volume         = "A26",
      pages          = "2637-2664",
      doi            = "10.1142/S0217751X11053560",
      year           = "2011",
      eprint         = "1105.1110",
      archivePrefix  = "arXiv",
      primaryClass   = "hep-ph",
      reportNumber   = "DESY-11-060, ITFA-11-09, ITP-UU-11-13, NIKHEF-2011-011,
                        TTK-11-12",
      SLACcitation   = "%%CITATION = ARXIV:1105.1110;%%",
}

@article{Beenakker:1997ut,
      author         = "Beenakker, W. and Kramer, M. and Plehn, T. and Spira, M.
                        and Zerwas, P.M.",
      title          = "{Stop production at hadron colliders}",
      journal        = "Nucl.Phys.",
      volume         = "B515",
      pages          = "3-14",
      doi            = "10.1016/S0550-3213(98)00014-5",
      year           = "1998",
      eprint         = "hep-ph/9710451",
      archivePrefix  = "arXiv",
      primaryClass   = "hep-ph",
      reportNumber   = "DESY-97-214, CERN-TH-97-177, RAL-TR-97-056",
      SLACcitation   = "%%CITATION = HEP-PH/9710451;%%",
}

@article{Beenakker:2010nq,
      author         = "Beenakker, Wim and Brensing, Silja and Kramer, Michael
                        and Kulesza, Anna and Laenen, Eric and others",
      title          = "{Supersymmetric top and bottom squark production at
                        hadron colliders}",
      journal        = "JHEP",
      volume         = "1008",
      pages          = "098",
      doi            = "10.1007/JHEP08(2010)098",
      year           = "2010",
      eprint         = "1006.4771",
      archivePrefix  = "arXiv",
      primaryClass   = "hep-ph",
      reportNumber   = "CERN-PH-TH-2010-142, ITFA-2010-015, ITP-UU-10-17,
                        NIKHEF-2010-016, TTK-10-33",
      SLACcitation   = "%%CITATION = ARXIV:1006.4771;%%",
}

%%% further references %%%


@article{Skands:2003cj,
      author         = "Skands, Peter Z. and Allanach, B.C. and Baer, H. and
                        Balazs, C. and Belanger, G. and others",
      title          = "{SUSY Les Houches accord: Interfacing SUSY spectrum
                        calculators, decay packages, and event generators}",
      journal        = "JHEP",
      volume         = "0407",
      pages          = "036",
      doi            = "10.1088/1126-6708/2004/07/036",
      year           = "2004",
      eprint         = "hep-ph/0311123",
      archivePrefix  = "arXiv",
      primaryClass   = "hep-ph",
      reportNumber   = "LU-TP-03-39, SHEP-03-24, CERN-TH-2003-204, ZU-TH-15-03,
                        LMU-19-03, DCPT-03-108, IPPP-03-54, CTS-IISC-2003-07,
                        DESY-03-166, MPP-2003-111",
      SLACcitation   = "%%CITATION = HEP-PH/0311123;%%",
}

@article{Allanach:2008qq,
      author         = "Allanach, B. C. and others",
      title          = "{SUSY Les Houches Accord 2}",
      journal        = "Comput. Phys. Commun.",
      volume         = "180",
      year           = "2009",
      pages          = "8-25",
      doi            = "10.1016/j.cpc.2008.08.004",
      eprint         = "0801.0045",
      archivePrefix  = "arXiv",
      primaryClass   = "hep-ph",
      reportNumber   = "FERMILAB-PUB-07-036-T, SLAC-PUB-12765,
                        CERN-PH-TH-2007-148, DAMTP-2007-76, EDINBURGH-2007-31,
                        KEK-TH-1170, LAPTH-1204-07, LPT-ORSAY-07-81, SHEP-07-13",
      SLACcitation   = "%%CITATION = ARXIV:0801.0045;%%"
}

@article{Dumont:2014tja,
      author         = "Dumont, B. and Fuks, B. and Kraml, S. and Bein, S. and
                        Chalons, G. and Conte, E. and Kulkarni, S. and Sengupta,
                        D. and Wymant, C.",
      title          = "{Toward a public analysis database for LHC new physics
                        searches using MADANALYSIS 5}",
      journal        = "Eur. Phys. J.",
      volume         = "C75",
      year           = "2015",
      number         = "2",
      pages          = "56",
      doi            = "10.1140/epjc/s10052-014-3242-3",
      eprint         = "1407.3278",
      archivePrefix  = "arXiv",
      primaryClass   = "hep-ph",
      reportNumber   = "CERN-PH-TH-2014-109, LAPTH-048-14, LPSC14143",
      SLACcitation   = "%%CITATION = ARXIV:1407.3278;%%"
}

@article{CMS:2015jdt,
      author         = "CMS Collaboration",
      title          = "{Search for dark matter with jets and missing transverse
                        energy  at 13 TeV}",
      collaboration  = "CMS",
      year           = "2015",
      reportNumber   = "CMS-PAS-EXO-15-003",
      SLACcitation   = "%%CITATION = CMS-PAS-EXO-15-003;%%"
}

@article{Aad:2014nra,
      author         = "Aad, Georges and others",
      title          = "{Search for pair-produced third-generation squarks
                        decaying via charm quarks or in compressed supersymmetric
                        scenarios in $pp$ collisions at $\sqrt{s}=8~$TeV with the
                        ATLAS detector}",
      collaboration  = "ATLAS",
      journal        = "Phys. Rev.",
      volume         = "D90",
      year           = "2014",
      number         = "5",
      pages          = "052008",
      doi            = "10.1103/PhysRevD.90.052008",
      eprint         = "1407.0608",
      archivePrefix  = "arXiv",
      primaryClass   = "hep-ex",
      reportNumber   = "CERN-PH-EP-2014-141",
      SLACcitation   = "%%CITATION = ARXIV:1407.0608;%%"
}



@article{Alwall:2014hca,
      author         = "Alwall, J. and Frederix, R. and Frixione, S. and Hirschi,
                        V. and Maltoni, F. and Mattelaer, O. and Shao, H. -S. and
                        Stelzer, T. and Torrielli, P. and Zaro, M.",
      title          = "{The automated computation of tree-level and
                        next-to-leading order differential cross sections, and
                        their matching to parton shower simulations}",
      journal        = "JHEP",
      volume         = "07",
      year           = "2014",
      pages          = "079",
      doi            = "10.1007/JHEP07(2014)079",
      eprint         = "1405.0301",
      archivePrefix  = "arXiv",
      primaryClass   = "hep-ph",
      reportNumber   = "CERN-PH-TH-2014-064, CP3-14-18, LPN14-066, MCNET-14-09,
                        ZU-TH-14-14",
      SLACcitation   = "%%CITATION = ARXIV:1405.0301;%%"
}


@article{Sjostrand:2007gs,
      author         = "Sjostrand, Torbjorn and Mrenna, Stephen and Skands, Peter
                        Z.",
      title          = "{A Brief Introduction to PYTHIA 8.1}",
      journal        = "Comput. Phys. Commun.",
      volume         = "178",
      year           = "2008",
      pages          = "852-867",
      doi            = "10.1016/j.cpc.2008.01.036",
      eprint         = "0710.3820",
      archivePrefix  = "arXiv",
      primaryClass   = "hep-ph",
      reportNumber   = "CERN-LCGAPP-2007-04, LU-TP-07-28,
                        FERMILAB-PUB-07-512-CD-T",
      SLACcitation   = "%%CITATION = ARXIV:0710.3820;%%"
}


@article{Alloul:2013bka,
      author         = "Alloul, Adam and Christensen, Neil D. and Degrande,
                        C\E9line and Duhr, Claude and Fuks, Benjamin",
      title          = "{FeynRules  2.0 - A complete toolbox for tree-level
                        phenomenology}",
      journal        = "Comput. Phys. Commun.",
      volume         = "185",
      year           = "2014",
      pages          = "2250-2300",
      doi            = "10.1016/j.cpc.2014.04.012",
      eprint         = "1310.1921",
      archivePrefix  = "arXiv",
      primaryClass   = "hep-ph",
      reportNumber   = "CERN-PH-TH-2013-239, MCNET-13-14, IPPP-13-71,
                        DCPT-13-142, --PITT-PACC-1308",
      SLACcitation   = "%%CITATION = ARXIV:1310.1921;%%"
}

@article{Bernal:2017kxu,
      author         = "Bernal, Nicolás and Heikinheimo, Matti and Tenkanen,
                        Tommi and Tuominen, Kimmo and Vaskonen, Ville",
      title          = "{The Dawn of FIMP Dark Matter: A Review of Models and
                        Constraints}",
      year           = "2017",
      eprint         = "1706.07442",
      archivePrefix  = "arXiv",
      primaryClass   = "hep-ph",
      reportNumber   = "PI-UAN-2017-602FT, HIP-2017-08-TH",
      SLACcitation   = "%%CITATION = ARXIV:1706.07442;%%"
}


@article{Djouadi:2005gj,
      author         = "Djouadi, Abdelhak",
      title          = "{The Anatomy of electro-weak symmetry breaking. II. The
                        Higgs bosons in the minimal supersymmetric model}",
      journal        = "Phys. Rept.",
      volume         = "459",
      year           = "2008",
      pages          = "1-241",
      doi            = "10.1016/j.physrep.2007.10.005",
      eprint         = "hep-ph/0503173",
      archivePrefix  = "arXiv",
      primaryClass   = "hep-ph",
      reportNumber   = "LPT-ORSAY-05-18",
      SLACcitation   = "%%CITATION = HEP-PH/0503173;%%"
}

@article{Arcadi:2014tsa,
      author         = "Arcadi, Giorgio and Covi, Laura and Dradi, Federico",
      title          = "{LHC prospects for minimal decaying Dark Matter}",
      journal        = "JCAP",
      volume         = "1410",
      year           = "2014",
      number         = "10",
      pages          = "063",
      doi            = "10.1088/1475-7516/2014/10/063",
      eprint         = "1408.1005",
      archivePrefix  = "arXiv",
      primaryClass   = "hep-ph",
      SLACcitation   = "%%CITATION = ARXIV:1408.1005;%%"
}


@article{Ghosh:2017vhe,
      author         = "Ghosh, Avirup and Mondal, Tanmoy and Mukhopadhyaya,
                        Biswarup",
      title          = "{Heavy stable charged tracks as signatures of non-thermal
                        dark matter at the LHC : a study in some
                        non-supersymmetric scenarios}",
      year           = "2017",
      eprint         = "1706.06815",
      archivePrefix  = "arXiv",
      primaryClass   = "hep-ph",
      SLACcitation   = "%%CITATION = ARXIV:1706.06815;%%"
}

@article{Aaboud:2016uth,
      author         = "Aaboud, Morad and others",
      title          = "{Search for heavy long-lived charged $R$-hadrons with the
                        ATLAS detector in 3.2 fb$^{-1}$ of proton--proton
                        collision data at $\sqrt{s} = 13$ TeV}",
      collaboration  = "ATLAS",
      journal        = "Phys. Lett.",
      volume         = "B760",
      year           = "2016",
      pages          = "647-665",
      doi            = "10.1016/j.physletb.2016.07.042",
      eprint         = "1606.05129",
      archivePrefix  = "arXiv",
      primaryClass   = "hep-ex",
      reportNumber   = "CERN-EP-2016-131",
      SLACcitation   = "%%CITATION = ARXIV:1606.05129;%%"
}


@article{Khachatryan:2016sfv,
      author         = "Khachatryan, Vardan and others",
      title          = "{Search for long-lived charged particles in proton-proton
                        collisions at $\sqrt s=$ 13??TeV}",
      collaboration  = "CMS",
      journal        = "Phys. Rev.",
      volume         = "D94",
      year           = "2016",
      number         = "11",
      pages          = "112004",
      doi            = "10.1103/PhysRevD.94.112004",
      eprint         = "1609.08382",
      archivePrefix  = "arXiv",
      primaryClass   = "hep-ex",
      reportNumber   = "CMS-EXO-15-010, CERN-EP-2016-204",
      SLACcitation   = "%%CITATION = ARXIV:1609.08382;%%"
}

@article{Essig:2013goa,
      author         = "Essig, Rouven and Kuflik, Eric and McDermott, Samuel D.
                        and Volansky, Tomer and Zurek, Kathryn M.",
      title          = "{Constraining Light Dark Matter with Diffuse X-Ray and
                        Gamma-Ray Observations}",
      journal        = "JHEP",
      volume         = "11",
      year           = "2013",
      pages          = "193",
      doi            = "10.1007/JHEP11(2013)193",
      eprint         = "1309.4091",
      archivePrefix  = "arXiv",
      primaryClass   = "hep-ph",
      reportNumber   = "YITP-SB-29-13, FERMILAB-PUB-13-377-A-T, MCTP-13-27",
      SLACcitation   = "%%CITATION = ARXIV:1309.4091;%%"
}

@article{An:2014twa,
      author         = "An, Haipeng and Pospelov, Maxim and Pradler, Josef and
                        Ritz, Adam",
      title          = "{Direct Detection Constraints on Dark Photon Dark
                        Matter}",
      journal        = "Phys. Lett.",
      volume         = "B747",
      year           = "2015",
      pages          = "331-338",
      doi            = "10.1016/j.physletb.2015.06.018",
      eprint         = "1412.8378",
      archivePrefix  = "arXiv",
      primaryClass   = "hep-ph",
      reportNumber   = "CALT-TH-2014-173",
      SLACcitation   = "%%CITATION = ARXIV:1412.8378;%%"
}


@article{Hall:2009bx,
      author         = "Hall, Lawrence J. and Jedamzik, Karsten and
                        March-Russell, John and West, Stephen M.",
      title          = "{Freeze-In Production of FIMP Dark Matter}",
      journal        = "JHEP",
      volume         = "03",
      year           = "2010",
      pages          = "080",
      doi            = "10.1007/JHEP03(2010)080",
      eprint         = "0911.1120",
      archivePrefix  = "arXiv",
      primaryClass   = "hep-ph",
      reportNumber   = "OUTP-09-18-P, UCB-PTH-09-32",
      SLACcitation   = "%%CITATION = ARXIV:0911.1120;%%"
}

@article{Djouadi:1997yw,
      author         = "Djouadi, A. and Kalinowski, J. and Spira, M.",
      title          = "{HDECAY: A Program for Higgs boson decays in the standard
                        model and its supersymmetric extension}",
      journal        = "Comput. Phys. Commun.",
      volume         = "108",
      year           = "1998",
      pages          = "56-74",
      doi            = "10.1016/S0010-4655(97)00123-9",
      eprint         = "hep-ph/9704448",
      archivePrefix  = "arXiv",
      primaryClass   = "hep-ph",
      reportNumber   = "DESY-97-079, IFT-96-29, PM-97-04",
      SLACcitation   = "%%CITATION = HEP-PH/9704448;%%"
}

@article{Bhattacharya:2015qpa,
      author         = "Bhattacharya, Subhaditya and Sahoo, Nirakar and Sahu,
                        Narendra",
      title          = "{Minimal vectorlike leptonic dark matter and signatures
                        at the LHC}",
      journal        = "Phys. Rev.",
      volume         = "D93",
      year           = "2016",
      number         = "11",
      pages          = "115040",
      doi            = "10.1103/PhysRevD.93.115040",
      eprint         = "1510.02760",
      archivePrefix  = "arXiv",
      primaryClass   = "hep-ph",
      SLACcitation   = "%%CITATION = ARXIV:1510.02760;%%"
}







@article{Patt:2006fw,
      author         = "Patt, Brian and Wilczek, Frank",
      title          = "{Higgs-field portal into hidden sectors}",
      year           = "2006",
      eprint         = "hep-ph/0605188",
      archivePrefix  = "arXiv",
      primaryClass   = "hep-ph",
      reportNumber   = "MIT-CTP-3745",
      SLACcitation   = "%%CITATION = HEP-PH/0605188;%%"
}

@article{McDonald:1993ex,
      author         = "McDonald, John",
      title          = "{Gauge singlet scalars as cold dark matter}",
      journal        = "Phys. Rev.",
      volume         = "D50",
      year           = "1994",
      pages          = "3637-3649",
      doi            = "10.1103/PhysRevD.50.3637",
      eprint         = "hep-ph/0702143",
      archivePrefix  = "arXiv",
      primaryClass   = "HEP-PH",
      reportNumber   = "IFM-13-93",
      SLACcitation   = "%%CITATION = HEP-PH/0702143;%%"
}

@article{McDonald:2015ljz,
      author         = "McDonald, John",
      title          = "{Warm Dark Matter via Ultra-Violet Freeze-In: Reheating
                        Temperature and Non-Thermal Distribution for Fermionic
                        Higgs Portal Dark Matter}",
      journal        = "JCAP",
      volume         = "1608",
      year           = "2016",
      number         = "08",
      pages          = "035",
      doi            = "10.1088/1475-7516/2016/08/035",
      eprint         = "1512.06422",
      archivePrefix  = "arXiv",
      primaryClass   = "hep-ph",
      SLACcitation   = "%%CITATION = ARXIV:1512.06422;%%"
}

@article{Elahi:2014fsa,
      author         = "Elahi, Fatemeh and Kolda, Christopher and Unwin, James",
      title          = "{UltraViolet Freeze-in}",
      journal        = "JHEP",
      volume         = "03",
      year           = "2015",
      pages          = "048",
      doi            = "10.1007/JHEP03(2015)048",
      eprint         = "1410.6157",
      archivePrefix  = "arXiv",
      primaryClass   = "hep-ph",
      SLACcitation   = "%%CITATION = ARXIV:1410.6157;%%"
}


@article{Yaguna:2015mva,
      author         = "Yaguna, Carlos E.",
      title          = "{Singlet-Doublet Dirac Dark Matter}",
      journal        = "Phys. Rev.",
      volume         = "D92",
      year           = "2015",
      number         = "11",
      pages          = "115002",
      doi            = "10.1103/PhysRevD.92.115002",
      eprint         = "1510.06151",
      archivePrefix  = "arXiv",
      primaryClass   = "hep-ph",
      SLACcitation   = "%%CITATION = ARXIV:1510.06151;%%"
}

@misc{vll,
  author = {B\'elanger,G. and Goudelis,A. and Puhov,A. and  Zald\'ivar, B.},
   note = "{in progress}",
}

@misc{micro-hp, 
	note="\url{https://lapth.cnrs.fr/micromegas}", 
	}

}
